
@inproceedings{10.1007/3-540-44968-X_10,
  author    = {Mutzel, Petra
               and Weiskircher, Ren{\'e}},
  editor    = {Du, Ding-Zhu
               and Eades, Peter
               and Estivill-Castro, Vladimir
               and Lin, Xuemin
               and Sharma, Arun},
  title     = {Computing Optimal Embeddings for Planar Graphs},
  booktitle = {Computing and Combinatorics},
  year      = {2000},
  publisher = {Springer Berlin Heidelberg},
  address   = {Berlin, Heidelberg},
  pages     = {95--104},
  isbn      = {978-3-540-44968-3}
} 

@inproceedings{10.1007/3-540-58950-3_358,
  author    = {Djidjev, Hristo N.},
  editor    = {Tamassia, Roberto
               and Tollis, Ioannis G.},
  title     = {On drawing a graph convexly in the plane (extended abstract)},
  booktitle = {Graph Drawing},
  year      = {1995},
  publisher = {Springer Berlin Heidelberg},
  address   = {Berlin, Heidelberg},
  pages     = {76--83},
  isbn      = {978-3-540-49155-2}
}

@inproceedings{10.1007/978-3-030-92121-7_12,
  author    = {Gunawan, Aldy
               and Yu, Vincent F.
               and Sutanto, Andro Nicus
               and Jodiawan, Panca},
  editor    = {Simos, Dimitris E.
               and Pardalos, Panos M.
               and Kotsireas, Ilias S.},
  title     = {Set Team Orienteering Problem with Time Windows},
  booktitle = {Learning and Intelligent Optimization},
  year      = {2021},
  publisher = {Springer International Publishing},
  address   = {Cham},
  pages     = {142--149},
  isbn      = {978-3-030-92121-7}
}


@inproceedings{10.1007/978-3-319-57186-7_14,
  author    = {Carrabs, Francesco
               and Cerrone, Carmine
               and Cerulli, Raffaele
               and D'Ambrosio, Ciriaco},
  editor    = {Au, Man Ho Allen
               and Castiglione, Arcangelo
               and Choo, Kim-Kwang Raymond
               and Palmieri, Francesco
               and Li, Kuan-Ching},
  title     = {Improved Upper and Lower Bounds for the Close Enough Traveling Salesman Problem},
  booktitle = {Green, Pervasive, and Cloud Computing},
  year      = {2017},
  publisher = {Springer International Publishing},
  address   = {Cham},
  pages     = {165--177},
  isbn      = {978-3-319-57186-7},
  doi       = {10.1007/978-3-319-57186-7_14}
}

@inproceedings{10.1007/978-3-319-68496-3_2,
  author    = {Yahiaoui, Ala-Eddine
               and Moukrim, Aziz
               and Serairi, Mehdi},
  editor    = {Bekta{\c{s}}, Tolga
               and Coniglio, Stefano
               and Martinez-Sykora, Antonio
               and Vo{\ss}, Stefan},
  title     = {Hybrid Heuristic for the Clustered Orienteering Problem},
  booktitle = {Computational Logistics},
  year      = {2017},
  publisher = {Springer International Publishing},
  address   = {Cham},
  pages     = {19--33},
  isbn      = {978-3-319-68496-3}
}

@inproceedings{10.1145/3341105.3374010,
  author    = {\v{S}tefan\'{\i}kov\'{a}, Petra and V\'{a}\v{n}a, Petr and Faigl, Jan},
  title     = {Greedy randomized adaptive search procedure for close enough orienteering problem},
  year      = {2020},
  isbn      = {9781450368667},
  publisher = {Association for Computing Machinery},
  address   = {New York, NY, USA},
  url       = {https://doi.org/10.1145/3341105.3374010},
  doi       = {10.1145/3341105.3374010},
  booktitle = {Proceedings of the 35th Annual ACM Symposium on Applied Computing},
  pages     = {808–814},
  numpages  = {7},
  location  = {Brno, Czech Republic},
  series    = {SAC '20}
}

@article{1105511,
  author  = {Zadeh, L.},
  journal = {IEEE Transactions on Automatic Control},
  title   = {Optimality and non-scalar-valued performance criteria},
  year    = {1963},
  volume  = {8},
  number  = {1},
  pages   = {59-60},
  doi     = {10.1109/TAC.1963.1105511}
}

@inproceedings{7844421,
  author    = {Faigl, Jan and Pěnička, Robert and Best, Graeme},
  booktitle = {2016 IEEE International Conference on Systems, Man, and Cybernetics (SMC)},
  title     = {Self-organizing map-based solution for the Orienteering problem with neighborhoods},
  year      = {2016},
  volume    = {},
  number    = {},
  pages     = {001315-001321},
  doi       = {10.1109/SMC.2016.7844421}
}

@inproceedings{8206453,
  author    = {Faigl, Jan and P\v{e}ni\v{c}ka, Robert},
  booktitle = {2017 IEEE/RSJ International Conference on Intelligent Robots and Systems (IROS)},
  title     = {On close enough orienteering problem with Dubins vehicle},
  year      = {2017},
  volume    = {},
  number    = {},
  pages     = {5646-5652},
  doi       = {10.1109/IROS.2017.8206453}
}

@inproceedings{9303697,
  author    = {Golmankhaneh, Maryam Asadi and Keshtkaran, Morteza},
  booktitle = {2020 10th International Conference on Computer and Knowledge Engineering (ICCKE)},
  title     = {ACS-SOP: A new solution method to the Set Orienteering Problem},
  year      = {2020},
  volume    = {},
  number    = {},
  pages     = {644-647},
  doi       = {10.1109/ICCKE50421.2020.9303697}
}
}

@article{Abidemi2020,
  title   = {Optimal control strategies for dengue fever spread in Johor, Malaysia},
  journal = {Computer Methods and Programs in Biomedicine},
  volume  = {196},
  pages   = {105585},
  year    = {2020},
  issn    = {0169--2607},
  doi     = {https://doi.org/10.1016/j.cmpb.2020.105585},
  author  = {Afeez Abidemi and Nur Arina Bazilah Aziz}
}


@article{amaku:2014,
  author   = {Amaku, Marcos and Azevedo, Franciane and Burattini, Marcelo and Coutinho, Francisco and Fernandez Lopez, Luis and Massad, Eduardo},
  year     = {2014},
  pages    = {1-13},
  title    = {Interpretations and pitfalls in modelling vector-trasmitted infections},
  volume   = {143},
  journal  = {Epidemiology and infection},
  optmonth = {11},
  optdoi   = {10.1017/S0950268814002660}
}

@article{Amiri2019,
  author  = {Amiri, Afsaneh
             and Salari, Majid},
  title   = {Time-constrained maximal covering routing problem},
  journal = {OR Spectrum},
  year    = {2019},
  month   = {Jun},
  day     = {01},
  volume  = {41},
  number  = {2},
  pages   = {415-468},
  issn    = {1436-6304},
  doi     = {10.1007/s00291-018-0541-3},
  url     = {https://doi.org/10.1007/s00291-018-0541-3}
}

@article{AmiriSalari2019,
  author  = {Amiri, Afsaneh and Salari, Majid},
  title   = {Time-constrained maximal covering routing problem},
  journal = {OR Spectrum},
  year    = {2019},
  month   = {Jun},
  day     = {01},
  volume  = {41},
  number  = {2},
  pages   = {415-468},
  issn    = {1436-6304},
  doi     = {10.1007/s00291-018-0541-3}
}

@inproceedings{amouroux:2008,
  author    = {Amouroux, Edouard
               and Desvaux, St{\'e}phanie
               and Drogoul, Alexis},
  opteditor = {Bui, The Duy
               and Ho, Tuong Vinh
               and Ha, Quang Thuy},
  title     = {Towards Virtual Epidemiology: An Agent-Based Approach to the Modeling of H5N1 Propagation and Persistence in North-Vietnam},
  booktitle = {Intelligent Agents and Multi-Agent Systems},
  year      = {2008},
  publisher = {Springer Berlin Heidelberg},
  address   = {Berlin, Heidelberg},
  pages     = {26--33}
}

@inproceedings{andrade:2021,
  title     = {Routing Vehicles for Dengue Control},
  author    = {Matheus Andrade and Fábio Luiz Usberti and Rafael Kendy Arakaki},
  year      = {2021},
  pages     = {1-12},
  booktitle = {LIII Brazilian Symposium on Operational Research (SBPO)},
  publisher = {SOBRAPO},
  address   = {Paraíba, João Pessoa}
}

@article{AndradeTosoGoncalvesResende2019,
  title   = {The Multi-Parent Biased Random-Key Genetic Algorithm with Implicit Path-Relinking and its real-world applications},
  journal = {European Journal of Operational Research},
  year    = {2019},
  issn    = {0377-2217},
  doi     = {10.1016/j.ejor.2019.11.037},
  author  = {Carlos E. Andrade and Rodrigo F. Toso and José F. Gonçalves and Mauricio G.C. Resende}
}

@inproceedings{AndradeUsbertiArakaki2021,
  author    = {Matheus Di\'{o}genes Andrade and F\'{a}bio Luiz Usberti and Rafael Kendy Arakaki},
  title     = {Routing Vehicles for Dengue Control},
  booktitle = {In Proceedings of the LIII Brazilian Symposium on Operational Research},
  year      = {2021},
  pages     = {12},
  volume    = {53},
  url       = {https://proceedings.science/sbpo/sbpo-2021/trabajos/routing-vehicles-for-dengue-control?lang=en}
}

@article{ANGELELLI2014404,
  title   = {The Clustered Orienteering Problem},
  journal = {European Journal of Operational Research},
  volume  = {238},
  number  = {2},
  pages   = {404-414},
  year    = {2014},
  issn    = {0377-2217},
  doi     = {10.1016/j.ejor.2014.04.006},
  url     = {https://www.sciencedirect.com/science/article/pii/S0377221714003154},
  author  = {E. Angelelli and C. Archetti and M. Vindigni}
}

@inproceedings{anna:06,
  author    = {Anna, A.},
  year      = {2006},
  title     = {Artigo em confer\^encia},
  booktitle = {Anais do XXVIII SBPO},
  pages     = {123-134},
  publisher = {SOBRAPO},
  address   = {Rio de Janeiro}
}

@article{appice:2020,
  author    = {Appice, Annalisa and Gel, Yulia R. and Iliev, Iliyan and Lyubchich, Vyacheslav and Malerba, Donato},
  journal   = {IEEE},
  title     = {A Multi-Stage Machine Learning Approach to Predict Dengue Incidence: A Case Study in Mexico},
  year      = {2020},
  volume    = {8},
  optnumber = {1109},
  pages     = {52713-52725},
  optdoi    = {10.1109/ACCESS.2020.2980634}
}

@article{AppiceGelIlievLyubchichMalerba2020,
  author  = {Appice, Annalisa and Gel, Yulia R. and Iliev, Iliyan and Lyubchich, Vyacheslav and Malerba, Donato},
  journal = {IEEE Access},
  title   = {A Multi-Stage Machine Learning Approach to Predict Dengue Incidence: A Case Study in Mexico},
  year    = {2020},
  volume  = {8},
  number  = {},
  pages   = {52713-52725},
  doi     = {10.1109/ACCESS.2020.2980634}
}

@inproceedings{Aragao03integerprogram,
  author    = {Marcus Poggi de Aragao and Eduardo Uchoa},
  title     = {Integer Program Reformulation for Robust Branch-and-Cut-and-Price Algorithms},
  booktitle = {In Proceedings of the Conference Mathematical Program in Rio: A Conference in Honour of Nelson Maculan},
  year      = {2003},
  pages     = {56--61}
}

@article{araoz:2006,
  title   = {Privatized rural postman problems},
  journal = {Computers \& Operations Research},
  volume  = {33},
  number  = {12},
  pages   = {3432--3449},
  year    = {2006},
  optnote = {Part Special Issue: Recent Algorithmic Advances for Arc Routing Problems},
  optissn = {0305-0548},
  optdoi  = {https://doi.org/10.1016/j.cor.2005.02.013},
  opturl  = {https://www.sciencedirect.com/science/article/pii/S0305054805000687},
  author  = {Julián Aráoz and Elena Fernández and Cristina Zoltan}
}

@inproceedings{araujo:2022,
  title     = {A Prize-Collecting Approach for the Dengue Arc Routing Problem},
  author    = {Carlos V. Dantas Araújo and Matheus Andrade and Fábio Luiz Usberti and Rafael Kendy Arakaki},
  year      = {2022},
  pages     = {1-12},
  booktitle = {LIV Brazilian Symposium on Operational Research (SBPO)},
  publisher = {SOBRAPO},
  address   = {Minas Gerais, Juiz de Fora}
}

@inproceedings{AraujoAndradeUsbertiArakaki2022,
  author    = {Carlos Victor Dantas Ara\'{u}jo and Matheus Di\'{o}genes Andrade and F\'{a}bio Luiz Usberti and Rafael Kendy Arakaki},
  title     = {A Prize-Collecting Approach for the Dengue Arc Routing Problem},
  booktitle = {In Proceedings of the LIV Brazilian Symposium on Operational Research},
  year      = {2022},
  pages     = {12},
  volume    = {54}
}

@article{ARCHETTI2018264,
  title   = {The Set Orienteering Problem},
  journal = {European Journal of Operational Research},
  volume  = {267},
  number  = {1},
  pages   = {264-272},
  year    = {2018},
  issn    = {0377-2217},
  doi     = {10.1016/j.ejor.2017.11.009},
  url     = {https://www.sciencedirect.com/science/article/pii/S0377221717310202},
  author  = {Claudia Archetti and Francesco Carrabs and Raffaele Cerulli}
}

@article{ARCHETTI2024446,
  title   = {A new formulation and a branch-and-cut algorithm for the set orienteering problem},
  journal = {European Journal of Operational Research},
  volume  = {314},
  number  = {2},
  pages   = {446-465},
  year    = {2024},
  issn    = {0377-2217},
  doi     = {https://doi.org/10.1016/j.ejor.2023.09.038},
  url     = {https://www.sciencedirect.com/science/article/pii/S0377221723007555},
  author  = {C. Archetti and F. Carrabs and R. Cerulli and F. Laureana}
}

@article{ARCHETTI2024798Corrigendum,
  title   = {Corrigendum to “A New Formulation and a Branch-and-Cut Algorithm for the Set Orienteering Problem” [European Journal of Operational Research, Volume 314, Issue 2, 16 April 2024, Pages 446-465]},
  journal = {European Journal of Operational Research},
  volume  = {316},
  number  = {2},
  pages   = {798},
  year    = {2024},
  issn    = {0377-2217},
  doi     = {https://doi.org/10.1016/j.ejor.2024.03.019},
  url     = {https://www.sciencedirect.com/science/article/pii/S0377221724002194},
  author  = {C. Archetti and F. Carrabs and R. Cerulli and F. Laureana}
}

@inbook{ballet-2020,
  author  = {Ballet, Pascal and Rivière, Jérémy and Pothet, Alain and Theron, Michaël and Pichavant, Karine and Abautret, Frank and Fronville, Alexandra and Rodin, Vincent},
  year    = {2020},
  month   = {01},
  pages   = {898--929},
  title   = {Modelling and Simulating Complex Systems in Biology: Introducing NetBioDyn – A Pedagogical and Intuitive Agent-Based Software},
  optisbn = {9781799812050},
  optdoi  = {https://doi.org/10.4018/978-1-7998-1204-3.ch048}
}

@article{BardachEtal2019,
  author   = {Bardach, Ariel Esteban and García-Perdomo, Herney Andrés and Alcaraz, Andrea and Tapia López, Elena and Gándara, Ruth Amanda Ruano and Ruvinsky, Silvina and Ciapponi, Agustín},
  title    = {Interventions for the control of Aedes aegypti in Latin America and the Caribbean: systematic review and meta-analysis},
  journal  = {Tropical Medicine \& International Health},
  volume   = {24},
  number   = {5},
  pages    = {530--552},
  keywords = {Latin America, Aedes aegypti, public health, systematic reviews, meta-analysis, Amérique latine, Aedes aegypti, santé publique, analyses systématiques, méta-analyse},
  doi      = {https://doi.org/10.1111/tmi.13217},
  year     = {2019}
}

@incollection{Beasley:1993,
  author    = {Beasley, John E.},
  chapter   = {6},
  title     = {Lagrangian Relaxation},
  booktitle = {Modern Heuristic Techniques for Combinatorial Problems},
  editor    = {Reeves, Colin R.},
  year      = {1993},
  publisher = {John Wiley \& Sons, Inc.},
  address   = {New York, NY, USA},
  pages     = {243--303},
  numpages  = {61},
  opturl    = {http://dl.acm.org/citation.cfm?id=166648.166660},
  optacmid  = {166660},
  optisbn   = {0-470-22079-1}
}

@book{beisbart:2019,
  author    = {Claus Beisbart, Nicole J. Saam},
  title     = {Computer Simulation Validaton: Fundamental Concepts, Methodological Frameworks, and Philosophical Perspectives},
  publisher = {Springer},
  year      = {2019},
  address   = {Switzerland}
}

@article{BEKTAS2014820,
  title   = {Requiem for the Miller–Tucker–Zemlin subtour elimination constraints?},
  journal = {European Journal of Operational Research},
  volume  = {236},
  number  = {3},
  pages   = {820-832},
  year    = {2014},
  note    = {Vehicle Routing and Distribution Logistics},
  issn    = {0377-2217},
  doi     = {10.1016/j.ejor.2013.07.038},
  url     = {https://www.sciencedirect.com/science/article/pii/S037722171300619X},
  author  = {Tolga Bektaş and Luis Gouveia}
}

@article{bezanson2012julia,
  title   = {Julia: A fast dynamic language for technical computing},
  author  = {Bezanson, Jeff and Karpinski, Stefan and Shah, Viral B and Edelman, Alan},
  journal = {arXiv preprint arXiv:1209.5145},
  year    = {2012}
}

@article{Billionnet2016,
  author  = {Billionnet, Alain
             and Elloumi, Sourour
             and Lambert, Amelie},
  title   = {Exact quadratic convex reformulations of mixed-integer quadratically constrained problems},
  journal = {Mathematical Programming},
  year    = {2016},
  optmonth   = {Jul},
  optday     = {01},
  volume  = {158},
  number  = {1},
  pages   = {235-266},
  optissn  = {1436-4646},
  optdoi   = {10.1007/s10107-015-0921-2},
  opturl   = {https://doi.org/10.1007/s10107-015-0921-2}
}

@article{Bonabeau:2002,
  author   = {Bonabeau, Eric},
  year     = {2002},
  optmonth = {06},
  pages    = {7280-7},
  title    = {Agent-Based Modeling: Methods And Techniques for Simulating Human Systems},
  volume   = {99 Suppl 3},
  journal  = {Proceedings of the National Academy of Sciences of the United States of America},
  optdoi   = {10.1073/pnas.082080899}
}

@inproceedings{Borges2015,
  author    = {Borges, Francisco and Gutierrez-Milla, Albert and Suppi, Remo and Luque, Emilio and De Brito Arduino, Marylene},
  booktitle = {2015 Winter Simulation Conference (WSC)},
  title     = {An Agent-Based Model for assessment of Aedes Aegypti pupal productivity},
  year      = {2015},
  volume    = {},
  number    = {},
  pages     = {159--170},
  url       = {https://doi.org/10.1109/WSC.2015.7408161}
}

@article{braekers2016vehicle,
  title     = {The vehicle routing problem: State of the art classification and review},
  author    = {Braekers, Kris and Ramaekers, Katrien and Van Nieuwenhuyse, Inneke},
  journal   = {Computers \& industrial engineering},
  volume    = {99},
  pages     = {300--313},
  year      = {2016},
  publisher = {Elsevier}
}

@misc{brasil-dept-helth:2009,
  author       = {Brazilian Department of Health},
  title        = {Diretrizes nacionais para a prevenção e controle de epidemias de dengue},
  howpublished = {\url{https://bvsms.saude.gov.br/bvs/publicacoes/diretrizes_nacionais_prevencao_controle_dengue.pdf}},
  year         = {2009},
  note         = {Accessed: 05-22-2022}
}

@inbook{brauer-2008,
  author     = {Brauer, Fred},
  editor     = {Brauer, Fred
                and van den Driessche, Pauline
                and Wu, Jianhong},
  title      = {Compartmental Models in Epidemiology},
  booktitle  = {Mathematical Epidemiology},
  year       = {2008},
  publisher  = {Springer Berlin Heidelberg},
  optaddress = {Berlin, Heidelberg},
  pages      = {19--79}
}

@misc{BrkgaMpIprjl,
  author       = {Carlos E. Andrade},
  title        = {BrkgaMpIpr.jl},
  howpublished = {\url{https://github.com/ceandrade/BrkgaMpIpr.jl}},
  year         = {2019},
  note         = {Acessado: 2024-09-02}
}

@article{burattini:2008,
  author   = {Burattini, Marcelo and Chen, M and Chow, Angela and Coutinho, Francisco and Goh, K and Fernandez Lopez, Luis and Ma, Stefan and Massad, Eduardo},
  year     = {2008},
  pages    = {309-19},
  title    = {Modelling the control strategies against dengue in Singapore},
  volume   = {136},
  journal  = {Epidemiology and infection},
  optdoi   = {10.1017/S0950268807008667},
  optmonth = {04}
}
@inproceedings{cantane:2015,
  title     = {O Desenvolvimento da População do Aedes aegypti Aplicado ao Modelo de Otimização no Controle da Dengue},
  author    = {Cantane, R. Daniela and Cristino, C. Ariane and Oliveira, A. Rogério and Fernandes, A. R. Marcos and Ribolla, E. M. Paulo and Neto, A. S. Jayne},
  year      = {2015},
  pages     = {2961-2972},
  booktitle = {Anais do XLVII Simpósio Brasileiro de Pesquisa Operacional (SBPO)},
  publisher = {SOBRAPO},
  address   = {Porto de Galinhas, Pernambuco}
}

@article{CARRABS2017163,
  title   = {A novel discretization scheme for the close enough traveling salesman problem},
  journal = {Computers \& Operations Research},
  volume  = {78},
  pages   = {163-171},
  year    = {2017},
  issn    = {0305-0548},
  doi     = {https://doi.org/10.1016/j.cor.2016.09.003},
  url     = {https://www.sciencedirect.com/science/article/pii/S0305054816302179},
  author  = {Francesco Carrabs and Carmine Cerrone and Raffaele Cerulli and Manlio Gaudioso}
}

@article{CARRABS2021830,
  title   = {A biased random-key genetic algorithm for the set orienteering problem},
  journal = {European Journal of Operational Research},
  volume  = {292},
  number  = {3},
  pages   = {830-854},
  year    = {2021},
  issn    = {0377-2217},
  doi     = {10.1016/j.ejor.2020.11.043},
  url     = {https://www.sciencedirect.com/science/article/pii/S037722172031002X},
  author  = {Francesco Carrabs}
}
 
@article{Carvajal2018,
  author  = {Carvajal, Thaddeus M. and Viacrusis, Katherine M. and Hernandez, Lara Fides T. and Ho, Howell T. and Amalin, Divina M. and Watanabe, Kozo},
  title   = {Machine learning methods reveal the temporal pattern of dengue incidence using meteorological factors in metropolitan Manila, Philippines},
  journal = {BMC Infectious Diseases},
  year    = {2018},
  month   = {4},
  day     = {17},
  volume  = {18},
  number  = {1},
  pages   = {183},
  issn    = {1471-2334},
  doi     = {10.1186/s12879-018-3066-0},
  url     = {https://doi.org/10.1186/s12879-018-3066-0}
}

@article{Carvalho2019,
  title   = {Mathematical modeling of dengue epidemic: control methods and vaccination strategies},
  journal = {Theory in Biosciences},
  volume  = {138},
  pages   = {223--239},
  year    = {2019},
  url     = {https://doi.org/10.1007/s12064-019-00273-7},
  author  = {Carvalho, S. A. and da Silva S. O. and Charret, I. D. C.}
}

@article{castaneda:2022,
  author   = {Juliana Castaneda and Elnaz Ghorbani and Majsa Ammouriova and Javier Panadero and Angel A. Juan},
  title    = {{Optimizing Transport Logistics under Uncertainty with Simheuristics: Concepts, Review and Trends}},
  journal  = {Logistics},
  year     = {2022},
  volume   = {6},
  number   = {3},
  pages    = {1-15},
  optmonth = {June}
}

@article{Cavany2023,
  author  = {Cavany, S. M and España, G. Lloyd, A. L. and Vazquez-Prokopec, G.M. and Astete, H. and Waller, L. A. and Kitron, U. and Scott, T. W. Morrison, A. C. and Reiner, R. C. Jr. Perkins, T. A. },
  title   = {Fusing an agent-based model of mosquito population dynamics with a statistical reconstruction of spatio-temporal abundance patterns},
  journal = {PLoS Comput Biol},
  year    = {2023},
  volume  = {19},
  number  = {4},
  doi     = {https://doi.org/10.1371/journal.pcbi.1010424}
}

@article{corberan2021arc,
  title     = {Arc routing problems: A review of the past, present, and future},
  author    = {Corber{\'a}n, Angel and Eglese, Richard and Hasle, Geir and Plana, Isaac and Sanchis, Jos{\'e} Mar{\'\i}a},
  journal   = {Networks},
  volume    = {77},
  number    = {1},
  pages     = {88--115},
  year      = {2021},
  publisher = {Wiley Online Library}
}

@article{cplex1210,
  title   = {V12.*: User’s Manual for CPLEX},
  author  = {Cplex, IBM ILOG},
  journal = {International Business Machines Corporation},
  volume  = {46},
  number  = {53},
  pages   = {157},
  year    = {2009}
}

@phdthesis{Current1981,
  author      = {Current, LR.},
  title       = {Multiobjective design of transportation networks PhD Thesis},
  year        = {1981},
  publisher   = {The Ohio State University},
  institution = {Department of Geography and Environmental Engineering - Johns Hopkins University}
}

@article{CURRENT1985189,
  title   = {The maximum covering/shortest path problem: A multiobjective network design and routing formulation},
  journal = {European Journal of Operational Research},
  volume  = {21},
  number  = {2},
  pages   = {189-199},
  year    = {1985},
  issn    = {0377-2217},
  doi     = {https://doi.org/10.1016/0377-2217(85)90030-X},
  url     = {https://www.sciencedirect.com/science/article/pii/037722178590030X},
  author  = {J.R. Current and C.S. {Re Velle} and J.L. Cohon}
}

@inproceedings{da-silva:2020,
  author    = {da Silva Rodrigues, Let{\'i}cia
               and Mamedio Oliveira, S{\'o}stenes Gutembergue
               and Fernandez Lopez, Luiz
               and Sichman, Jaime Sim{\~a}o},
  editor    = {Paolucci, Mario
               and Sichman, Jaime Sim{\~a}o
               and Verhagen, Harko},
  title     = {Agent Based Simulation of the Dengue Virus Propagation},
  booktitle = {Multi-Agent-Based Simulation XX},
  year      = {2020},
  publisher = {Springer International Publishing},
  address   = {Cham},
  pages     = {100-111}
}

@inproceedings{damien:2017,
  author    = {Philippon, Damien
               and Choisy, Marc
               and Drogoul, Alexis
               and Gaudou, Benoit
               and Marilleau, Nicolas
               and Taillandier, Patrick
               and Truong, Quang Chi},
  title     = {Exploring Trade and Health Policies Influence on Dengue Spread with an Agent-Based Model},
  booktitle = {Multi-Agent Based Simulation XVII},
  year      = {2017},
  publisher = {Springer International Publishing},
  pages     = {111--127},
  opteditor = {Nardin, Luis Gustavo and Antunes, Luis}
}

@misc{DataDengueBrazil,
  title  = {Update in arboviruses cases},
  author = {\mbox{Ministry of Health of Brazil}},
  year   = 2024,
  note   = {Accessed: (March 13th, 2024)},
  url    = {https://www.gov.br/saude/pt-br/assuntos/saude-de-a-a-z/a/aedes-aegypti/monitoramento-das-arboviroses}
}
%%%%%%%%%%%%%%%%%%%%%%%%%%%%%%%%%%%%%%%%%%%%%%%%%%%%%%%%%%%%}

@inproceedings{DeckerovaFaigl2020,
  author    = {Deckerová, Jindřiška and Faigl, Jan},
  booktitle = {Proceedings of the 20th Conference Information Technologies - Applications and Theory (ITAT 2020)},
  title     = {Hopfield Neural Network in Solution of the Close Enough Orienteering Problem},
  year      = {2020},
  editor    = {
               Holeňa, Martin and
               Horváth, Tomáš and
               Kelemenová, Alica and
               Mráz, František and
               Pardubská, Dana and
               Plátek, Martin and
               Sosík, Petr 
               },
  volume    = {2718},
  number    = {},
  pages     = {169-175},
  url       = {https://ceur-ws.org/Vol-2718/paper15.pdf},
  issn      = {1613-0073}
}


@misc{dengue_campinas_locations,
  title  = {Aviso de aplicação de inseticida},
  year   = {2021},
  author = {{Campinas City Hall}},
  url    = {https://dengue.campinas.sp.gov.br/relatorios-nebulizacao},
  note   = {Accessed: 4-24-2021}
}

@article{DESROCHERS199127,
  title   = {Improvements and extensions to the Miller-Tucker-Zemlin subtour elimination constraints},
  journal = {Operations Research Letters},
  volume  = {10},
  number  = {1},
  pages   = {27-36},
  year    = {1991},
  issn    = {0167-6377},
  doi     = {10.1016/0167-6377(91)90083-2},
  author  = {Martin Desrochers and Gilbert Laporte}
}

@article{Dewil2016,
  author  = {Dewil, Reginald
             and Vansteenwegen, Pieter
             and Cattrysse, Dirk},
  title   = {A review of cutting path algorithms for laser cutters},
  journal = {The International Journal of Advanced Manufacturing Technology},
  year    = {2016},
  month   = {Nov},
  day     = {01},
  volume  = {87},
  number  = {5},
  pages   = {1865-1884},
  issn    = {1433-3015},
  doi     = {10.1007/s00170-016-8609-1},
  url     = {https://doi.org/10.1007/s00170-016-8609-1}
}

@book{diestel:2005,
  author    = {Diestel, Reinhard},
  optmonth  = {August},
  publisher = {Springer},
  title     = {Graph Theory},
  year      = 2005
}

@book{diestel2024graph,
  title     = {Graph theory},
  author    = {Diestel, Reinhard},
  year      = {2024},
  publisher = {Springer (print edition); Reinhard Diestel (eBooks)}
}

@article{doi:10.1051/ro/2023055,
  author  = {Maziero, Lucas Porto and Usberti, Fábio Luiz and Cavellucci, Celso},
  title   = {Branch-and-cut algorithms for the covering salesman problem},
  doi     = {10.1051/ro/2023055},
  url     = {https://doi.org/10.1051/ro/2023055},
  journal = {RAIRO-Oper. Res.},
  year    = 2023,
  volume  = 57,
  number  = 3,
  pages   = {1149-1166}
}

@article{doi:10.1080/00207540600579615,
  author    = {Moon-Kyu Lee and Ki-Bum Kwon},
  title     = {Cutting path optimization in CNC cutting processes using a two-step genetic algorithm},
  journal   = {International Journal of Production Research},
  volume    = {44},
  number    = {24},
  pages     = {5307--5326},
  year      = {2006},
  publisher = {Taylor \& Francis},
  doi       = {10.1080/00207540600579615},
  url       = { https://doi.org/10.1080/00207540600579615},
  eprint    = { https://doi.org/10.1080/00207540600579615 }
}

@article{doi:10.1080/00207543.2014.959268,
  author    = {Reginald Dewil, Pieter Vansteenwegen, Dirk Cattrysse, Manuel Laguna and Thomas Vossen},
  title     = {An improvement heuristic framework for the laser cutting tool path problem},
  journal   = {International Journal of Production Research},
  volume    = {53},
  number    = {6},
  pages     = {1761--1776},
  year      = {2015},
  publisher = {Taylor \& Francis},
  doi       = {10.1080/00207543.2014.959268},
  url       = { https://doi.org/10.1080/00207543.2014.959268},
  eprint    = { https://doi.org/10.1080/00207543.2014.959268}
}

@article{doi:10.1080/13873954.2019.1705496,
  author    = {Derya, Tusan and Dinler, Esra and Keçeci, Barış},
  title     = {Selective generalized travelling salesman problem},
  journal   = {Mathematical and Computer Modelling of Dynamical Systems},
  volume    = {26},
  number    = {1},
  pages     = {80--118},
  year      = {2020},
  publisher = {Taylor \& Francis},
  doi       = {10.1080/13873954.2019.1705496},
  url       = { https://doi.org/10.1080/13873954.2019.1705496 },
  eprint    = { https://doi.org/10.1080/13873954.2019.1705496 }
}

@article{doi:10.1137/140989078,
  author  = {Shen, Chungen and Zhang, Lei-Hong and Yang, Wei Hong},
  title   = {A Filter Active-Set Algorithm for Ball/Sphere Constrained Optimization Problem},
  journal = {SIAM Journal on Optimization},
  volume  = {26},
  number  = {3},
  pages   = {1429-1464},
  year    = {2016},
  doi     = {10.1137/140989078},
  url     = {  https://doi.org/10.1137/140989078 },
  eprint  = {  https://doi.org/10.1137/140989078 }
}

@article{doi:10.1287/ijoc.1110.0480,
  author  = {Golden, Bruce and Naji-Azimi, Zahra and Raghavan, S. and Salari, Majid and Toth, Paolo},
  title   = {The Generalized Covering Salesman Problem},
  journal = {INFORMS Journal on Computing},
  volume  = {24},
  number  = {4},
  pages   = {534-553},
  year    = {2012},
  doi     = {10.1287/ijoc.1110.0480},
  url     = { https://doi.org/10.1287/ijoc.1110.0480},
  eprint  = { https://doi.org/10.1287/ijoc.1110.0480}
}

@article{doi:10.1287/ijoc.2020.0962,
  author  = {Carrabs, Francesco and Cerrone, Carmine and Cerulli, Raffaele and Golden, Bruce},
  title   = {An Adaptive Heuristic Approach to Compute Upper and Lower Bounds for the Close-Enough Traveling Salesman Problem},
  journal = {INFORMS Journal on Computing},
  volume  = {32},
  number  = {4},
  pages   = {1030-1048},
  year    = {2020},
  doi     = {10.1287/ijoc.2020.0962},
  url     = {  https://doi.org/10.1287/ijoc.2020.0962 },
  eprint  = {  https://doi.org/10.1287/ijoc.2020.0962 }
}

@article{doi:10.1287/opre.45.3.378,
  author  = {Fischetti, Matteo and Salazar Gonz\'{a}lez, Juan Jos\'{e} and Toth, Paolo},
  title   = {A Branch-and-Cut Algorithm for the Symmetric Generalized Traveling Salesman Problem},
  journal = {Operations Research},
  volume  = {45},
  number  = {3},
  pages   = {378-394},
  year    = {1997},
  doi     = {10.1287/opre.45.3.378},
  url     = {  https://doi.org/10.1287/opre.45.3.378 },
  eprint  = {  https://doi.org/10.1287/opre.45.3.378 }
}

@article{doi:10.1287/trsc.23.3.208,
  author  = {Current, John R. and Schilling, David A.},
  title   = {The Covering Salesman Problem},
  journal = {Transportation Science},
  volume  = {23},
  number  = {3},
  pages   = {208-213},
  year    = {1989},
  doi     = {10.1287/trsc.23.3.208},
  url     = { https://doi.org/10.1287/trsc.23.3.208},
  eprint  = { https://doi.org/10.1287/trsc.23.3.208}
}

@article{doi:10.1504/IJMOR.2020.109693,
  author  = {Dastmardi, Mostafa and Mohammadi, Mohammad and Naderi, Bahman},
  title   = {Maximal covering salesman problems with average travelling cost constrains},
  journal = {International Journal of Mathematics in Operational Research},
  volume  = {17},
  number  = {2},
  pages   = {153-169},
  year    = {2020},
  doi     = {10.1504/IJMOR.2020.109693},
  url     = {https://www.inderscienceonline.com/doi/abs/10.1504/IJMOR.2020.109693}
}

@article{DONTAS20231010,
  title   = {An adaptive memory matheuristic for the set orienteering problem},
  journal = {European Journal of Operational Research},
  volume  = {309},
  number  = {3},
  pages   = {1010-1023},
  year    = {2023},
  issn    = {0377-2217},
  doi     = {https://doi.org/10.1016/j.ejor.2023.02.008},
  url     = {https://www.sciencedirect.com/science/article/pii/S0377221723001224},
  author  = {Michael Dontas and Georgios Sideris and Eleftherios G. Manousakis and Emmanouil E. Zachariadis}
}

@article{dosreis:2018,
  title   = {An approach of the exact linearization techniques to analysis of population dynamics of the mosquito Aedes aegypti},
  journal = {Mathematical Biosciences},
  volume  = {299},
  pages   = {51-57},
  year    = {2018},
  issn    = {0025-5564},
  optdoi  = {https://doi.org/10.1016/j.mbs.2017.12.001},
  opturl  = {https://www.sciencedirect.com/science/article/pii/S0025556417301724},
  author  = {C\'elia A. {dos Reis} and Helenice de O. Florentino and Diego C\'olon and Su\'elia R. Fleury Rosa and Daniela R. Cantane}
}

@article{DROR1999,
  author  = {DROR, MOSHE},
  title   = {Polygon plate-cutting with a given order},
  journal = {IIE Transactions},
  year    = {1999},
  month   = {Mar},
  day     = {01},
  volume  = {31},
  number  = {3},
  pages   = {271-274},
  issn    = {1573-9724},
  doi     = {10.1023/A:1007606007369},
  url     = {https://doi.org/10.1023/A:1007606007369}
}

@article{Dutta2020,
  author  = {Dutta, Joydeep
             and Barma, Partha Sarathi
             and Mukherjee, Anupam
             and Kar, Samarjit
             and De, Tanmay},
  title   = {A multi-objective open set orienteering problem},
  journal = {Neural Computing and Applications},
  year    = {2020},
  month   = {Sep},
  day     = {01},
  volume  = {32},
  number  = {17},
  pages   = {13953-13969},
  issn    = {1433-3058},
  doi     = {10.1007/s00521-020-04798-7},
  url     = {https://doi.org/10.1007/s00521-020-04798-7}
}
 
@article{dwivedi:2022,
  author   = {Dwivedi, Ananya and Keval, Ram and Khajanchi, Subhas},
  year     = {2022},
  optmonth = {08},
  pages    = {1-21},
  title    = {Modeling optimal vaccination strategy for dengue epidemic model: a case study of India},
  volume   = {97},
  journal  = {Physica Scripta},
  optdoi   = {10.1088/1402-4896/ac807b}
}
% @Comment FSAR15
@article{Eapen2021,
  author  = {Eapen, Neeta A.
             and Heckendorn, Robert B.},
  title   = {Cutting path optimization for an automatic cutter in polynomial time using a 3/2 approximation algorithm},
  journal = {The International Journal of Advanced Manufacturing Technology},
  year    = {2021},
  month   = {Apr},
  day     = {01},
  volume  = {113},
  number  = {11},
  pages   = {3667-3679},
  issn    = {1433-3015},
  doi     = {10.1007/s00170-021-06842-9},
  url     = {https://doi.org/10.1007/s00170-021-06842-9}
}

% @Comment SSB07
@article{EisensteinIyer1997,
  author  = {Eisenstein, Donald D. and Iyer, Ananth. V.},
  title   = {Garbage Collection in Chicago: A Dynamic Scheduling Model},
  journal = {Management Science},
  volume  = {43},
  number  = {7},
  pages   = {922-933},
  year    = {1997}
}

% @Comment RMC21
@article{ERDOGAN2012100,
  title   = {A Green Vehicle Routing Problem},
  journal = {Transportation Research Part E: Logistics and Transportation Review},
  volume  = {48},
  number  = {1},
  pages   = {100 - 114},
  year    = {2012},
  note    = {Select Papers from the 19th International Symposium on Transportation and Traffic Theory},
  issn    = {1366-5545},
  doi     = {10.1016/j.tre.2011.08.001},
  author  = {S. Erdoğan and E. Miller-Hooks}
}

@article{Faigl2020,
  author  = {Faigl, Jan},
  title   = {Unsupervised learning-based solution of the Close Enough Dubins Orienteering Problem},
  journal = {Neural Computing and Applications},
  year    = {2020},
  month   = {Dec},
  day     = {01},
  volume  = {32},
  number  = {24},
  pages   = {18193-18211},
  issn    = {1433-3058},
  doi     = {10.1007/s00521-019-04222-9},
  url     = {https://doi.org/10.1007/s00521-019-04222-9}
}

@inproceedings{florentino-b:2018,
  author    = {Helenice, O. Florentino and Daniela, R. Cantane and dos Reis, Célia A. and Colón, Diego and Rosa, Suélia S. R. F},
  pages     = {1-7},
  booktitle = {XXXVII CNMAC},
  publisher = {Proceeding Series of the Brazilian Society of Computational and Applied Mathematics},
  title     = {Algoritmo de Busca em Vizinhança Variável para Determinação de Controle Otimizado para a População de Aedes aegypti},
  year      = {2018},
  address   = {São José dos Campos, São Paulo}
}

@article{florentino:2018,
  author    = {Helenice O. Florentino and Daniela R. Cantane and Fernando L.P. Santos and Célia A. Reis and Margarida V. Pato and Dylan Jones and Marianna Cerasuolo and Rogério A. Oliveira and Luiz G. Lyra},
  doi       = {https://doi.org/10.1590/0101-7438.2018.038.03.0389},
  issn      = {1678-5142},
  issue     = {3},
  journal   = {Pesquisa Operacional},
  keywords  = {Optimization models, genetic algorithms, healthcare operational research},
  month     = {12},
  pages     = {389--411},
  publisher = {Sociedade Brasileira de Pesquisa Operacional},
  title     = {GENETIC ALGORITHM FOR OPTIMIZATION OF THE AEDES AEGYPTI CONTROL STRATEGIES},
  volume    = {38},
  year      = {2018}
}

@article{FlorentinoCantaneReisColonRosa,
  title   = {Algoritmo de Busca em Vizinhança Variável para Determinação de Controle Otimizado para a População de Aedes aegypti},
  journal = {Proceeding Series of the Brazilian Society of Computational and Applied Mathematics},
  volume  = {6},
  number  = {1},
  year    = {2018},
  doi     = {10.5540/03.2018.006.01.0308},
  author  = {Helenice de O. Florentino and Daniela Renata Cantane and Célia A. dos Reis and Diego Colón and Suélia S. Rodrigues Fleury Rosa}
}

@article{FlorentinoCantaneSantosReisPatoJonesCerasuoloOliveiraLyra,
  title   = {GENETIC ALGORITHM FOR OPTIMIZATION OF THE AEDES AEGYPTI CONTROL STRATEGIES},
  journal = {Pesquisa Operacional},
  volume  = {38},
  number  = {3},
  pages   = {389-411},
  year    = {2018},
  issn    = {1678-5142},
  doi     = {10.1590/0101-7438.2018.038.03.0389},
  author  = {Helenice O. Florentino and Daniela R. Cantane and Fernando L. P. Santos and Célia A. Reis and Margarida V. Pato and Dylan Jones and Marianna Cerasuolo and Rogério A. Oliveira and Luiz G. Lyra}
}

@article{forbes-2002,
  author  = {Forbes, Angus and Griffiths, Peter},
  title   = {Methodological strategies for the identification and synthesis of ‘evidence’ to support decision-making in relation to complex healthcare systems and practices},
  journal = {Nursing Inquiry},
  volume  = {9},
  number  = {3},
  pages   = {141-155},
  year    = {2002}
}

@misc{fumace-2022,
  author       = {SESA},
  title        = {Nebulizer Attached in Vehicle},
  howpublished = {\url{https://www.saude.ce.gov.br/2022/02/16/notificacoes-de-casos-de-arboviroses-crescem-\\e-sesa-inicia-operacao-fumace-no-cariri}},
  year         = {2025},
  note         = {Accessed: 2025-06-17}
}

@book{furtado:2015,
  author    = {Furtado, Bernardo and Sakowski, Patricia and Tóvolli, Marina and Rand, William and Fuentes, Miguel and Gentile, James and Glazner, Chris and Koehler, Matthew and Sichman, Jaime and Yarime, Masaru and Kharrazi, Ali and Tessone, Claudio and Gomes, Orlando and Dawid, Herbert and Bettencourt, Luís and Bar-Yam, Yaneer and Mueller, Bernardo and Ettema, Dick and Jacobson, Michael and Silva, Marcos},
  year      = {2015},
  pages     = {85-123},
  title     = {Modeling Complex Systems for Public Policies},
  publisher = {Ipea},
  optmonth  = {07},
  optisbn   = {9788578112493}
}


%%%%
@misc{fusberti_web_page,
  title   = {SBRP instances repository},
  year    = {2023},
  url     = {https://www.ic.unicamp.br/~fusberti/sbrp},
  urldate = {2023-01-01}
}

@inproceedings{gama-cit,
  author    = {Taillandier, Patrick
               and Vo, Duc-An
               and Amouroux, Edouard
               and Drogoul, Alexis},
  editor    = {Desai, Nirmit
               and Liu, Alan
               and Winikoff, Michael},
  title     = {GAMA: A Simulation Platform That Integrates Geographical Information Data, Agent-Based Modeling and Multi-scale Control},
  booktitle = {Principles and Practice of Multi-Agent Systems},
  year      = {2012},
  publisher = {Springer Berlin Heidelberg},
  address   = {Berlin, Heidelberg},
  pages     = {242--258}
}

@article{garba2008,
  author      = {S.M. Garba and A.B. Gumel and M.R. {Abu Bakar}},
  title       = {Backward bifurcations in dengue transmission dynamics},
  journal     = {Mathematical Biosciences},
  volume      = {215},
  number      = {1},
  pages       = {11-25},
  year        = {2008},
  optissn     = {0025-5564},
  opturl      = {https://doi.org/10.1016/j.mbs.2008.05.002},
  optkeywords = {Dengue, Mosquitoes, Equilibria, Stability, Bifurcation, Vaccine}
}

@book{gates:03,
  author    = {Bill Gates},
  title     = {Um Livro Muito Bom},
  publisher = {Editora X},
  year      = {2003},
  address   = {local}
}

@article{gavish1978travelling,
  title     = {The travelling salesman problem and related problems},
  author    = {Gavish, Bezalel and Graves, Stephen C},
  year      = {1978},
  publisher = {Massachusetts Institute of Technology, Operations Research Center}
}

@article{GLOCK20231,
  title    = {Spatial coverage in routing and path planning problems},
  journal  = {European Journal of Operational Research},
  volume   = {305},
  number   = {1},
  pages    = {1-20},
  year     = {2023},
  issn     = {0377-2217},
  doi      = {https://doi.org/10.1016/j.ejor.2022.02.031},
  url      = {https://www.sciencedirect.com/science/article/pii/S0377221722001369},
  author   = {Katharina Glock and Anne Meyer},
  keywords = {Vehicle routing problem, Informative path planning, Orienteering problem, Covering tour problem, Close-enough vehicle routing}
}


@article{Gomes2024,
  title   = { An analysis of Dengue in the last 5 years in Brazil by region and in the 27 Brazilian states },
  author  = { Fernando Luiz Maia Gomes and Wallace Smaly Carvalho Barros and Ianara Fabiana Ramalho Dias Alves and Vaninny Batista Rodrigues and Vanize Batista Rodrigues and Teresa Iris Da Silva Monte },
  journal = { International journal of health sciences },
  year    = {2024},
  volume  = {4},
  number  = {45},
  pages   = {530--552},
  doi     = { https://doi.org/10.22533/at.ed.1594452414052}
}

@article{gomez-2009,
  title     = {Dengue in the Americas: challenges for prevention and control},
  author    = {G{\'o}mez-Dant{\'e}s, H{\'e}ctor and Willoquet, Janine Ramsey},
  journal   = {Cadernos de sa{\'u}de p{\'u}blica},
  volume    = {25},
  pages     = {S19--S31},
  year      = {2009},
  publisher = {SciELO Public Health}
}

@article{GoncalvesResende2011,
  title   = {Biased random-key genetic algorithms for combinatorial optimization},
  journal = {Journal of Heuristics},
  year    = {2011},
  month   = {10},
  issn    = {0377-2217},
  doi     = {https://doi.org/10.1016/j.ejor.2019.11.037},
  author  = {José F. Gonçalves and Mauricio G.C. Resende},
  pages   = {487–525},
  volume  = {17}
}

@article{Gramajo2022,
  title     = {Mosquito populations and human social behavior: A spatially explicit agent-based model},
  author    = {Gramajo, Ana Alicia and Laneri, Karina and Laguna, Mar\'{\i}a Fabiana},
  journal   = {Phys. Rev. E},
  volume    = {106},
  issue     = {3},
  pages     = {034--405},
  numpages  = {15},
  year      = {2022},
  publisher = {American Physical Society}
}

@article{GunawanChuinVansteenwegen2016,
  title   = {Orienteering Problem: A survey of recent variants, solution approaches and applications},
  journal = {European Journal of Operational Research},
  volume  = {255},
  number  = {2},
  pages   = {315-332},
  year    = {2016},
  issn    = {0377-2217},
  doi     = {10.1016/j.ejor.2016.04.059},
  url     = {https://www.sciencedirect.com/science/article/pii/S037722171630296X},
  author  = {Aldy Gunawan and Hoong Chuin Lau and Pieter Vansteenwegen}
}


@article{ha2013exact,
  title     = {An exact algorithm and a metaheuristic for the multi-vehicle covering tour problem with a constraint on the number of vertices},
  author    = {Ha, Minh Hoang and Bostel, Nathalie and Langevin, Andr{\'e} and Rousseau, Louis-Martin},
  journal   = {European Journal of Operational Research},
  volume    = {226},
  number    = {2},
  pages     = {211--220},
  year      = {2013},
  publisher = {Elsevier}
}

@article{hair:2019,
  author   = {Hair, Gleicy and Nobre, Flávio and Brasil, Patrícia},
  year     = {2019},
  optmonth = {07},
  pages    = {1-11},
  title    = {Characterization of clinical patterns of dengue patients using an unsupervised machine learning approach},
  volume   = {19},
  journal  = {BMC Infectious Diseases},
  optdoi   = {10.1186/s12879-019-4282-y}
}

@article{haklay:2008,
  author   = {M. Haklay and P. Weber},
  journal  = {{IEEE} Pervasive Computing},
  title    = {{O}pen{S}treet{M}ap: User-Generated Street Maps},
  year     = {2008},
  volume   = {7},
  number   = {4},
  pages    = {12--18},
  optdoi   = {10.1109/MPRV.2008.80},
  optissn  = {1536-1268},
  optmonth = {Oct}
}

@article{hamdan:2021,
  title   = {The development of a deterministic dengue epidemic model with the influence of temperature: A case study in Malaysia},
  journal = {Applied Mathematical Modelling},
  volume  = {90},
  pages   = {547--567},
  year    = {2021},
  optissn = {0307-904X},
  optdoi  = {https://doi.org/10.1016/j.apm.2020.08.069},
  opturl  = {https://www.sciencedirect.com/science/article/pii/S0307904X2030514X},
  author  = {Nur ’Izzati Hamdan and Adem Kilicman}
}

@online{health-dp-1,
  author  = {Brasil Health Department},
  title   = {Vinte estados apresentam tendência de estabilidade ou queda na incidência de dengue},
  year    = {2024},
  url     = {https://www.gov.br/saude/pt-br/assuntos/noticias/2024/abril/vinte-estados-apresentam-tendencia-de-estabilidade-ou-queda-na-incidencia-de-dengue},
  urldate = {2025-02-28}
}

@article{HOEFT1997,
  author  = {HOEFT , JEFFREY
             and PALEKAR , UDATTA S.},
  title   = {Heuristics for the plate-cutting traveling salesman problem},
  journal = {IIE Transactions},
  year    = {1997},
  month   = {Sep},
  day     = {01},
  volume  = {29},
  number  = {9},
  pages   = {719-731},
  issn    = {1573-9724},
  doi     = {10.1023/A:1018582320737},
  url     = {https://doi.org/10.1023/A:1018582320737}
}

@article{Hoyos2021,
  title    = {Dengue models based on machine learning techniques: A systematic literature review},
  journal  = {Artificial Intelligence in Medicine},
  volume   = {119},
  pages    = {102157},
  year     = {2021},
  issn     = {0933-3657},
  keywords = {Dengue, Diagnostic model, Epidemic model, Intervention model, Machine learning},
  url      = {https://doi.org/10.1016/j.artmed.2021.102157},
  author   = {William Hoyos and Jose Aguilar and Mauricio Toro}
}

@article{https://doi.org/10.1002/nav.21906,
  author  = {Zhang, Wei and Wang, Kai and Wang, Shuaian and Laporte, Gilbert},
  title   = {Clustered coverage orienteering problem of unmanned surface vehicles for water sampling},
  journal = {Naval Research Logistics (NRL)},
  volume  = {67},
  number  = {5},
  pages   = {353-367},
  doi     = {10.1002/nav.21906},
  url     = {https://onlinelibrary.wiley.com/doi/abs/10.1002/nav.21906},
  year    = {2020}
}

@inproceedings{Imran2020,
  author    = {Mahmood, Imran and Jahan, Mishal and Groen, Derek and Javed, Aneela
               and Shafait, Faisal},
  editor    = {Krzhizhanovskaya, Valeria V. and Z{\'a}vodszky, G{\'a}bor and Lees, Michael H.
               and Dongarra, Jack J. and Sloot, Peter M. A.
               and Brissos, S{\'e}rgio and Teixeira, Jo{\~a}o},
  title     = {An Agent-Based Simulation of the Spread of Dengue Fever},
  booktitle = {Computational Science -- ICCS 2020},
  year      = {2020},
  publisher = {Springer International Publishing},
  address   = {Cham},
  pages     = {103--117},
  optdoi    = {https://doi.org/10.1007/978-3-030-50420-5_8}
}

@misc{instance_generation_julia_code,
  year         = {2021},
  author       = {Matheus Diógenes Andrade},
  title        = {Arc Rural Postman Problem Dengue instance generation},
  year         = {2021},
  publisher    = {GitHub},
  journal      = {GitHub repository},
  howpublished = {\url{https://github.com/My-phd-degree/Denge-RPP-instance-generation/tree/main/instance-generation}}
}

@article{jing2019dengue,
  title     = {Dengue epidemiology},
  author    = {Jing, Qinlong and Wang, Ming},
  journal   = {Global Health Journal},
  volume    = {3},
  number    = {2},
  pages     = {37--45},
  year      = {2019},
  publisher = {Elsevier}
}

@article{jump0214,
  author  = {Iain Dunning and Joey Huchette and Miles Lubin},
  title   = {JuMP: A Modeling Language for Mathematical Optimization},
  journal = {SIAM Review},
  volume  = {59},
  number  = {2},
  pages   = {295-320},
  year    = {2017},
  doi     = {10.1137/15M1020575}
}

@article{laguardia:2004,
  title       = {Sistema de informação de agravos de Notificações (Sinan): desafios no desenvolvimento de um sistema de informações em saúde},
  journal     = {{Epidemiologia e serviços  de Saúde}},
  author      = {Laguardia, Josué AND Domingues, Carla Magda Allan AND Carvalho, Carolina AND Lauerman, Carlos Rodrigo AND Macário, Eduardo AND Glatt, Ruth},
  optissn     = {1679-4974},
  optlanguage = {pt},
  volume      = {13},
  year        = {2004},
  optmonth    = {09},
  pages       = {135-146},
  publisher   = {scielo},
  optcrossref = {10.5123/S1679-49742004000300002}
}

@article{boeing:2017,
  author  = {Boeing, Geoff},
  title   = {OSMnx: New methods for acquiring, constructing, analyzing, and visualizing complex street networks},
  journal = {Computers, Environment and Urban Systems},
  volume  = {65},
  pages   = {126-139},
  year    = {2017}
}

@article{fares:2015,
author={Rafaelle C. G. Fares and Souza P. R. and A\~nez G. and Rios M.},
title={Epidemiological Scenario of Dengue in Brazil},
year={2015},
journal={BioMed Research International},
volume={2015},
pages={1--13}
}

@book{lasdon2002optimization,
  title     = {Optimization theory for large systems},
  author    = {Lasdon, Leon S},
  year      = {2002},
  publisher = {Courier Corporation}
}

@article{LEGGIERI201797,
  title   = {A practical solution approach for the green vehicle routing problem},
  journal = {Transportation Research Part E: Logistics and Transportation Review},
  volume  = {104},
  pages   = {97 - 112},
  year    = {2017},
  issn    = {1366-5545},
  doi     = {10.1016/j.tre.2017.06.003},
  author  = {Valeria Leggieri and Mohamed Haouari}
}

@article{Legros2016,
  author  = {Legros, Mathieu and Otero, Marcelo and Romeo Aznar, Victoria and Solari, Hernan and Gould, Fred and Lloyd, Alun L.},
  title   = {Comparison of two detailed models of Aedes aegypti population dynamics},
  journal = {Ecosphere},
  volume  = {7},
  number  = {10},
  pages   = {1500--1515},
  year    = {2016}
}

@article{lemon:2011,
  author  = {Dezso, Balazs and Jüttner, Alpár and Kovács, Péter},
  year    = {2011},
  month   = {07},
  pages   = {23-45},
  title   = {LEMON - An open source C++ graph template library},
  volume  = {264},
  journal = {Electronic Notes in Theoretical Computer Science},
  doi     = {10.1016/j.entcs.2011.06.003}
}


% @Comment SUHS2016
@article{Lima2022,
  author  = {Lima, Clarisse Lins de and da Silva, Ana Clara Gomes and Moreno, Giselle Machado Magalhães and Cordeiro da Silva, Cecilia and Musah, Anwar and Aldosery, Aisha and Dutra, Livia and Ambrizzi, Tercio and Borges, Iuri V. G. and Tunali, Merve and Basibuyuk, Selma and Yenigün, Orhan and Massoni, Tiago Lima and Browning, Ella and Jones, Kate and Campos, Luiza and Kostkova, Patty and Silva Filho, Abel Guilhermino da and dos Santos, Wellington Pinheiro},
  title   = {Temporal and Spatiotemporal Arboviruses Forecasting by Machine Learning: A Systematic Review},
  journal = {Frontiers in Public Health},
  volume  = {10},
  year    = {2022},
  url     = {https://doi.org/10.3389/fpubh.2022.900077},
  issn    = {2296-2565}
}

@article{lowe:2015,
  author   = {Lowe, Rachel and Cazelles, Bernard and Paul, Richard and Rodo, Xavier},
  year     = {2015},
  optmonth = {03},
  pages    = {2067-2078},
  title    = {Quantifying the added value of climate information in a spatio-temporal dengue model},
  volume   = {30},
  journal  = {Stochastic Environmental Research and Risk Assessment},
  optdoi   = {https://doi.org/10.1007/s00477-015-1053-1}
}

@article{LU2024119813,
  title   = {An effective hybrid evolutionary algorithm for the set orienteering problem},
  journal = {Information Sciences},
  volume  = {654},
  pages   = {119813},
  year    = {2024},
  issn    = {0020-0255},
  doi     = {https://doi.org/10.1016/j.ins.2023.119813},
  url     = {https://www.sciencedirect.com/science/article/pii/S0020025523013981},
  author  = {Yongliang Lu and Una Benlic and Qinghua Wu}
}

@article{MacedoHair2019,
  author  = {Macedo Hair, Gleicy and Fonseca Nobre, Fl{\'a}vio and Brasil, Patr{\'i}cia},
  title   = {Characterization of clinical patterns of dengue patients using an unsupervised machine learning approach},
  journal = {BMC Infectious Diseases},
  year    = {2019},
  month   = {7},
  day     = {22},
  volume  = {19},
  number  = {1},
  pages   = {649},
  issn    = {1471-2334},
  doi     = {10.1186/s12879-019-4282-y},
  url     = {https://doi.org/10.1186/s12879-019-4282-y}
}

@article{maneerat:2016,
  title   = {A spatial agent-based simulation model of the dengue vector Aedes aegypti to explore its population dynamics in urban areas},
  journal = {Ecological Modelling},
  volume  = {333},
  pages   = {66--78},
  year    = {2016},
  issn    = {0304-3800},
  author  = {Somsakun Maneerat and Eric Daudé}
}

@article{Meng2023,
  title   = {Dynamics of Dengue Fever Model with Unreported Cases and Asymptomatic Infected Classes in Singapore, 2020},
  journal = {Journal of Applied Analysis \& Computation},
  volume  = {13},
  number  = {2},
  pages   = {782-808},
  year    = {2023},
  author  = {Xin-You Meng and Chong-Yang Yin}
}

@article{Montes2020,
  title   = {Green High Performance Simulation for AMB models of Aedes aegypti},
  volume  = {20},
  number  = {1},
  journal = {Journal of Computer Science and Technology},
  author  = {Montes de Oca, Erica and Suppi, Remo and De Gisuti, Laura and Naiouf, Marcelo},
  year    = {2020},
  month   = {May},
  volume  = {20},
  number  = {1},
  pages   = {15--22}
}

@misc{MS,
  title  = {Diretrizes Nacionais para a Prevenção e Controle de Epidemias de Dengue},
  year   = {2009},
  author = {{Brazilian Department of Health}},
  url    = {https://bvsms.saude.gov.br/bvs/publicacoes/diretrizes_nacionais_prevencao_controle_dengue.pdf},
  note   = {Accessed: 5-20-2023}
}

@article{NAJIAZIMI20143945,
  title   = {The time constrained maximal covering salesman problem},
  journal = {Applied Mathematical Modelling},
  volume  = {38},
  number  = {15},
  pages   = {3945-3957},
  year    = {2014},
  issn    = {0307-904X},
  doi     = {10.1016/j.apm.2014.01.001},
  url     = {https://www.sciencedirect.com/science/article/pii/S0307904X14000031},
  author  = {Zahra Naji-Azimi and Majid Salari}
}

@techreport{negreiros-2020,
  author      = {Negreiros, M.  and Maculan, N. and Xavier, A.},
  title       = {Projeto WebDengue: Evolução e Recursos para Implantação},
  institution = {UFRJ},
  year        = {2020},
  number      = {1},
  type        = {Technical Report}
}

@article{negreiros:2008,
  author      = {Marcos José Negreiros and Airton Fontenele Sampaio Xavier and José Wellington de Oliveira Lima and Adilson Elias Xavier and Nelson Maculan and Philippe Michelon},
  issue       = {1},
  journal     = {Pesquisa Operacional},
  optkeywords = {SADE,logística de combate a doenças tropicais,programação inteira,sistemas para Web},
  optmonth    = {4},
  pages       = {1-27},
  publisher   = {Sociedade Brasileira de Pesquisa Operacional},
  title       = {Integração de sistemas computacionais e modelos logísticos de otimização para prevenção e combate à dengue},
  volume      = {28},
  opturl      = {http://www.scielo.br/scielo.php?script=sci_arttext&pid=S0101-74382008000100001&lng=pt&tlng=pt},
  year        = {2008}
}

@inbook{negreiros:2011,
  author    = {Negreiros, Marcos and Xavier, Adilson and Xavier, Airton and Maculan, Nelson and Michelon, Philippe and Lima, Jose and Andrade, Luis},
  year      = {2011},
  optmonth  = {09},
  pages     = {115--160},
  title     = {Optimization Models, Statistical and DSS Tools for Prevention and Combat of Dengue Disease},
  booktitle = {Efficient Decision Support Systems - Practice and Challenges in Biomedical Related Domain},
  chapter   = {7},
  publisher = {IntechOpen},
  optisbn   = {978-953-307-258-6},
  optdoi    = {https://doi.org/10.5772/16857}
}

@techreport{NegreirosMaculanXavier,
  author      = {Negreiros, Marcos and Maculan, Nelson and Xavier, Adilson},
  title       = {Projeto webdengue: Evolu\c{c}\~{a}o e recursos para implantação - ES-763/20},
  institution = {UFRJ-COPPE/PESC},
  year        = {2020},
  month       = {7}
}

@article{NegreirosXavierLimaXavierMaculanMichelon,
  author  = {Negreiros, Marcos José and Xavier, Airton Fontenele Sampaio and Lima, José Wellington de Oliveira and Xavier, Adilson Elias and Maculan, Nelson and Michelon, Philippe},
  title   = {Integração de sistemas computacionais e modelos logísticos de otimização para prevenção e combate à dengue},
  journal = {Pesquisa Operacional [online]. 2008, v. 28},
  volume  = {28},
  number  = {1},
  month   = {06},
  year    = {2008},
  doi     = {10.1590/S0101-74382008000100001}
}

@incollection{NegreirosXavierXavierMaculanMichelonLimaAndrade,
  author    = {Negreiros, Marcos and Xavier, Adilson E. and Xavier, Airton F. S. and Maculan, Nelson and Michelon, Philippe and Lima, José Wellington O. and Andrade, Luis Odorico M.},
  month     = {09},
  doi       = {10.5772/16857},
  title     = {Optimization Models, Statistical and DSS Tools for Prevention and Combat of Dengue Disease},
  editor    = {Chiang Jao},
  booktitle = {Efficient Decision Support Systems - Practice and Challenges in Biomedical Related Domain},
  publisher = {IntechOpen},
  address   = {Headquarters, IntechOpen Limited, 5 Princes Gate Court, London, SW7 2QJ, UNITED KINGDOM},
  year      = {2011},
  pages     = {115-160},
  chapter   = 7
}

@book{Nemhauser,
  author    = {Nemhauser, George L. and Wolsey, Laurence A.},
  title     = {Integer and Combinatorial Optimization},
  year      = {1988},
  optisbn   = {0-471-82819-X},
  publisher = {Wiley-Interscience},
  address   = {New York, NY, USA}
}

@article{NguyenaMartinelliPhamaHa,
  title   = {The set team orienteering problem},
  journal = {European Journal of Operational Research},
  year    = {2024},
  issn    = {0377-2217},
  doi     = {https://doi.org/10.1016/j.ejor.2024.09.021},
  url     = {https://www.sciencedirect.com/science/article/pii/S0377221724007240},
  author  = {Tat Dat Nguyen and Rafael Martinelli and Quang Anh Pham and Minh Hoàng Hà}
}

@article{oliveira_carravilla_oliveira_toledo_2023,
  title     = {A BIOBJECTIVE MATHEURISTIC FOR THE INTEGRATED SOLUTION OF THE IRREGULAR STRIP PACKING AND THE CUTTING PATH DETERMINATION PROBLEMS},
  volume    = {43},
  issn      = {0101-7438},
  url       = {https://doi.org/10.1590/0101-7438.2023.043.00275212},
  doi       = {10.1590/0101-7438.2023.043.00275212},
  journal   = {Pesquisa Operacional},
  publisher = {Sociedade Brasileira de Pesquisa Operacional},
  author    = {Oliveira, Larissa Tebaldi and Carravilla, Maria Antónia and Oliveira, José Fernando and Toledo, Franklina Maria Bragion},
  year      = {2023},
  pages     = {e275212}
}

@article{OLIVEIRA20071106,
  title   = {Cutting and Packing},
  journal = {European Journal of Operational Research},
  volume  = {183},
  number  = {3},
  pages   = {1106-1108},
  year    = {2007},
  issn    = {0377-2217},
  doi     = {https://doi.org/10.1016/j.ejor.2006.04.022},
  url     = {https://www.sciencedirect.com/science/article/pii/S0377221706002918},
  author  = {José Fernando Oliveira and Gerhard Wäscher}
}

@article{OLIVEIRA2020106757,
  title   = {Integrating irregular strip packing and cutting path determination problems: A discrete exact approach},
  journal = {Computers & Industrial Engineering},
  volume  = {149},
  pages   = {106757},
  year    = {2020},
  issn    = {0360-8352},
  doi     = {https://doi.org/10.1016/j.cie.2020.106757},
  url     = {https://www.sciencedirect.com/science/article/pii/S0360835220304721},
  author  = {Larissa Tebaldi Oliveira and Everton Fernandes Silva and José Fernando Oliveira and Franklina Maria Bragion Toledo}
}

@misc{osm,
  author       = {{OpenStreetMap contributors}},
  title        = {{Planet dump retrieved from https://planet.osm.org }},
  howpublished = {\url{ https://www.openstreetmap.org }},
  year         = {2017},
  note         = {Accessed: 4-24-2021}
}

@misc{osm_map_feature,
  title        = {Open Street Map - Map Features},
  year         = {2017},
  author       = {{OpenStreetMap contributors}},
  howpublished = {\url{https://wiki.openstreetmap.org/wiki/Map_features}},
  note         = {Accessed: 4-24-2021}
}

@misc{osm_ways,
  title        = {Open Street Map - Way},
  year         = {2017},
  author       = {{OpenStreetMap contributors}},
  howpublished = {\url{https://wiki.openstreetmap.org/wiki/Way}},
  note         = {Accessed: 4-24-2021}
}

@phdthesis{osu1275477591,
  author    = {Hua, Liyan},
  title     = {Shortest Path - Capacitated Maximum Covering Problems},
  year      = {2010},
  publisher = {The Ohio State University},
  url       = {http://rave.ohiolink.edu/etdc/view?acc_num=osu1275477591}
}

@article{OZBAYGIN2016226,
  title   = {Time constrained maximal covering salesman problem with weighted demands and partial coverage},
  journal = {Computers \& Operations Research},
  volume  = {76},
  pages   = {226-237},
  year    = {2016},
  issn    = {0305-0548},
  doi     = {10.1016/j.cor.2016.06.019},
  url     = {https://www.sciencedirect.com/science/article/pii/S0305054816301514},
  author  = {Gizem Ozbaygin and Hande Yaman and Oya Ekin Karasan}
}

@online{paho-1,
  author  = {World Health Organization},
  title   = {Epidemiological update dengue and other arboviruses},
  url     = {https://www3.paho.org/data/index.php/en/mnu-topics/indicadores-dengue-en/annual-arbovirus-bulletin-2022.html},
  year    = {2024},
  urldate = {2022-02-28}
}

@misc{PAHO2020,
  title  = {Epidemiological Update Dengue and other Arboviruses},
  year   = {2020},
  month  = {6},
  author = {WHO},
  url    = {https://www.paho.org/en/file/66647/download?token=Fhhhyi-z},
  note   = {Accessed: 4-24-2021}
}

@misc{PAHODengueData2024,
  author       = {PAHO},
  title        = {Pan American Health Organization Dengue Cases},
  year         = {2024},
  howpublished = {\url{https://www3.paho.org/data/index.php/en/mnu-topics/indicadores-dengue-en/dengue-nacional-en/252-dengue-pais-ano-en.html?showall=1}},
  urldate      = {2022-03-17}
}

@article{Pascoe2022,
  author  = {Pascoe, Luba and Clemen, Thomas and Bradshaw, Karen and Nyambo, Devotha},
  title   = {Review of Importance of Weather and Environmental Variables in Agent-Based Arbovirus Models},
  journal = {International Journal of Environmental Research and Public Health},
  volume  = {19},
  year    = {2022},
  number  = {23},
  pages   = {1--24}
}


@inproceedings{Pascoe2023,
  author    = {Pascoe, Luba and Nyambo, Devotha Godfrey and Bradshaw, Karen and Clemen, Thomas},
  booktitle = {2023 IEEE AFRICON},
  title     = {Agent-Based Modeling and Simulation for Transmission Dynamics and Surveillance of Dengue: Conceptual and Design Model},
  year      = {2023},
  pages     = {1--6},
  optdoi    = {https://doi.org/10.1109/AFRICON55910.2023.10293299}
}

@incollection{pele:04,
  author    = {Pel\'e, E. N. and  Rom\'ario, R. R.},
  title     = {Exemplo de artigo em livro, em Windows, P. T. e Linux, V. G. (Eds.)},
  booktitle = {Colet\^anea de Artigos},
  publisher = {Editora Y},
  year      = {2004},
  editor    = {CBF and FIFA}
}

@article{PENICKA2019816,
  title   = {Variable Neighborhood Search for the Set Orienteering Problem and its application to other Orienteering Problem variants},
  journal = {European Journal of Operational Research},
  volume  = {276},
  number  = {3},
  pages   = {816-825},
  year    = {2019},
  issn    = {0377-2217},
  doi     = {10.1016/j.ejor.2019.01.047},
  url     = {https://www.sciencedirect.com/science/article/pii/S0377221719300827},
  author  = {Robert Pěnička and Jan Faigl and Martin Saska}
}

@article{Perkins2019,
  author  = {Perkins, T. A. and Reiner, R. C. Jr and Espana, G. and Ten Bosch, Q. A. and Verma, A. and Liebman, K. A. and Paz-Soldan, V. A. and Elder, J. P. and Morrison, A. C. and Stoddard, S. T. and Kitron, U. and Vazquez-Prokopec, G. M. and Scott, T. W. and Smith, D. L.},
  year    = {2019},
  title   = {An agent-based model of dengue virus transmission shows how uncertainty about breakthrough infections influences vaccination impact projections},
  journal = {PLoS computational biology},
  volume  = {15},
  number  = {3}
}


@article{PETUNIN201623,
  title   = {Optimization Models of Tool Path Problem for CNC Sheet Metal Cutting Machines},
  journal = {IFAC-PapersOnLine},
  volume  = {49},
  number  = {12},
  pages   = {23-28},
  year    = {2016},
  note    = {8th IFAC Conference on Manufacturing Modelling, Management and Control MIM 2016},
  issn    = {2405-8963},
  doi     = {https://doi.org/10.1016/j.ifacol.2016.07.544},
  url     = {https://www.sciencedirect.com/science/article/pii/S2405896316307972},
  author  = {Alexander A. Petunin and Chrysostomos Stylios}
}

@article{PETUNIN20192320,
  title   = {On the new Algorithm for Solving Continuous Cutting Problem},
  journal = {IFAC-PapersOnLine},
  volume  = {52},
  number  = {13},
  pages   = {2320-2325},
  year    = {2019},
  note    = {9th IFAC Conference on Manufacturing Modelling, Management and Control MIM 2019},
  issn    = {2405-8963},
  doi     = {https://doi.org/10.1016/j.ifacol.2019.11.552},
  url     = {https://www.sciencedirect.com/science/article/pii/S2405896319315393},
  author  = {A.A. Petunin and E.G. Polishchuk and S.S. Ukolov}
}

@misc{PhilipKleinShayMozes,
  author       = {Philip Klein and Shay Mozes},
  title        = {Optimization Algorithms for Planar Graphs},
  year         = {2011},
  howpublished = {\url{https://www.planarity.org/}}
}

@article{Pinheiro2022,
  author  = {Cordeiro, C. da S. and de Lima, C. L. and da Silva, A. C. G. and Moreno, G. M. M. and Musah, A. and Aldosery, A. and Dutra, L. and Ambrizzi, T. and Borges, I. V. G. and Tunali, M. and Basibuyuk, S. and Yenigün, O. and Massoni, T. L. and Jones, K. and Campos, L. and Kostkova, P. and da Silva Filho, A. G. and dos Santos, W. P.},
  journal = {Research on Biomedical Engineering},
  title   = {Spatiotemporal forecasting for dengue, chikungunya fever and Zika using machine learning and artificial expert committees based on meta-heuristics},
  year    = {2022},
  volume  = {38},
  number  = {2},
  pages   = {499--537},
  url     = {https://doi.org/10.1007/s42600-022-00202-6}
}

@article{Prasetyo2023,
  title   = {Genetic algorithm to optimization mobility-based dengue mathematical model},
  year    = {2023},
  author  = {T. Prasetyo and R. Saragih and D. Handayani},
  volume  = {13},
  number  = {4},
  pages   = {4535-4546},
  journal = {International Journal of Electrical and Computer Engineering}
}

@article{Puntipa2023,
  title   = {A modified optimal control for the mathematical model of dengue virus with vaccination},
  journal = {AIMS Mathematics},
  volume  = {8},
  number  = {11},
  pages   = {27460-27487},
  year    = {2023},
  author  = {Puntipa Pongsumpun and Jiraporn Lamwong and I-Ming Tang and Puntani Pongsumpun}
}

@inproceedings{pvenivcka2017dubins,
  title        = {Dubins orienteering problem with neighborhoods},
  author       = {P{\v{e}}ni{\v{c}}ka, Robert and Faigl, Jan and V{\'a}{\v{n}}a, Petr and Saska, Martin},
  booktitle    = {2017 International Conference on Unmanned Aircraft Systems (ICUAS)},
  pages        = {1555--1562},
  year         = {2017},
  organization = {IEEE}
}

@misc{qian2024solving,
  title         = {On Solving Close Enough Orienteering Problem with Overlapped Neighborhoods},
  author        = {Qiuchen Qian and Yanran Wang and David Boyle},
  year          = {2024},
  eprint        = {2310.04257},
  archiveprefix = {arXiv},
  primaryclass  = {cs.NE}
}

@article{rabiu:2021,
  author  = {Aishat Temitope Rabiu, Anmol Mohan, Sude \'Cavdaro\~glu, Eleni Xenophontos, Ana Carla S Costa, Christos Tsagkaris, Hashim Talib Hashim, Shoaib Ahmad, and Mohammad Yasir Essar},
  title   = {Dengue and covid-19: a double burden to brazil},
  journal = {Journal of Medical Virology},
  year    = {2021},
  volume  = {93},
  pages   = {4092--4093}
}

@article{rais-2011,
  author  = {Rais, Abdur and Viana, Ana},
  title   = {Operations Research in Healthcare: a survey},
  journal = {International Transactions in Operational Research},
  volume  = {18},
  number  = {1},
  pages   = {1-31},
  year    = {2011}
}

@article{ReisFlorentinoColonRosaCantane,
  title   = {An approach of the exact linearization techniques to analysis of population dynamics of the mosquito Aedes aegypti},
  journal = {Mathematical Biosciences},
  volume  = {299},
  pages   = {51-57},
  year    = {2018},
  issn    = {0025-5564},
  doi     = {10.1016/j.mbs.2017.12.001},
  author  = {Célia A. Reis and Helenice de O. Florentino and Diego Cólon and Suélia R. Fleury Rosa and Daniela R. Cantane}
}

@article{Salami2020,
  title    = {Predicting dengue importation into Europe, using machine learning and model-agnostic methods},
  journal  = {Scientific Reports},
  volume   = {10},
  pages    = {9689},
  year     = {2020},
  isbn     = {2045-2322},
  url      = {https://doi.org/10.1038/s41598-020-66650-1},
  author   = {Salami, Donald and Sousa, Carla Alexandra and Martins, Maria do Rosário Oliveira and Capinha, César},
  keywords = {}
}

@inproceedings{sarma:2020,
  author    = {Sarma, Dhiman and Hossain, Sohrab and Mittra, Tanni and Bhuiya, Md. Abdul Motaleb and Saha, Ishita and Chakma, Ravina},
  booktitle = {8th R10 Humanitarian Technology Conference (R10-HTC)},
  title     = {Dengue Prediction using Machine Learning Algorithms},
  year      = {2020},
  publisher = {IEEE},
  localtion = {Kuching, Malaysia},
  pages     = {1--6},
  optvolume = {},
  optnumber = {},
  optdoi    = {https://doi.org/10.1109/R10-HTC49770.2020.9357035}
}

@book{schrijver1998theory,
  title     = {Theory of linear and integer programming},
  author    = {Schrijver, Alexander},
  year      = {1998},
  publisher = {John Wiley \& Sons}
}

@article{Scoglio2021,
  title   = {Transmission dynamics of multi-strain dengue virus with cross-immunity},
  journal = {Applied Mathematics and Computation},
  volume  = {392},
  pages   = {1--24},
  year    = {2021},
  author  = {Ling Xue and Hongyu Zhang and Wei Sun and Caterina Scoglio}
}

@article{selvaratnam-1995,
  author  = {Selvaratnam, Indrakumar and Ahmad, Khurshid},
  year    = {1995},
  month   = {12},
  pages   = {},
  journal = {Computer Science and Engineering},
  title   = {Multi-agent Systems in Simulation and Modelling}
}

@article{shakil:2015,
  title     = {Dengue disease prediction using weka data mining tool},
  author    = {Kashish Ara Shakil and Shadma Anis and Mansaf Alam},
  journal   = {ArXiv},
  year      = {2015},
  volume    = {1502},
  pages     = {1--25},
  optnumber = {05167}
}

% @Comment SSB07
@article{shakurat:2015,
  author   = {Shaukat Dar, Kamran and Masood, Nayyer and Mehreen, Sundas and Azmeen, Ulya},
  year     = {2015},
  optmonth = {01},
  pages    = {2--5},
  title    = {Dengue Fever Prediction: A Data Mining Problem},
  volume   = {06},
  number   = {03},
  journal  = {Journal of Data Mining in Genomics \& Proteomics},
  optdoi   = {https://doi.org/10.4172/2153-0602.1000181}
}

@article{shepard:2016,
  author  = {Shepard, Donald and Undurraga, Eduardo and Halasa, Yara and Stanaway, Jeffrey},
  year    = {2016},
  pages   = {935--941},
  title   = {The global economic burden of dengue: A systematic analysis},
  volume  = {16},
  journal = {The Lancet Infectious Diseases},
  optdoi  = {https://doi.org/10.1016/S1473-3099(16)00146-8}
}

@book{siebers-2008,
  author  = {Siebers, Peer-Olaf and Aickelin, Uwe},
  year    = {2008},
  month   = {03},
  pages   = {},
  title   = {Introduction to Multi-Agent Simulation},
  journal = {Computer Science and Engineering}
}

@techreport{silva:99,
  author      = {Silva, A. B. and Souza, C. D. and Santos, E. F.},
  title       = {T\'\i tulo de um relat\'orio t\'ecnico},
  institution = {Universidade Z},
  year        = {1999},
  number      = {4},
  type        = { Relat\'orios de Pesquisa em Engenharia de Produ\c c\~ao}
}

@article{SILVA2019104772,
  title   = {Exact approaches for the cutting path determination problem},
  journal = {Computers & Operations Research},
  volume  = {112},
  pages   = {104772},
  year    = {2019},
  issn    = {0305-0548},
  doi     = {https://doi.org/10.1016/j.cor.2019.104772},
  url     = {https://www.sciencedirect.com/science/article/pii/S030505481930214X},
  author  = {Everton Fernandes Silva and Larissa Tebaldi Oliveira and José Fernando Oliveira and Franklina Maria Bragion Toledo}
}

@article{Sinnl2021,
  author  = {Sinnl, Markus},
  title   = {Mixed-integer programming approaches for the time-constrained maximal covering routing problem},
  journal = {OR Spectrum},
  year    = {2021},
  month   = {Jun},
  day     = {01},
  volume  = {43},
  number  = {2},
  pages   = {497-542},
  issn    = {1436-6304},
  doi     = {10.1007/s00291-021-00635-y},
  url     = {https://doi.org/10.1007/s00291-021-00635-y}
}

@article{smith:02,
  author  = {Smith, S. and Jones, J.},
  title   = { A paper on Operations Research},
  journal = {Pesquisa Operacional},
  volume  = {32},
  year    = {2002},
  pages   = {5-44}
}

@article{smith:02,
  author  = {Smith, S. and Jones, J.},
  title   = { A paper on Operations Research},
  journal = {Pesquisa Operacional},
  volume  = {32},
  year    = {2002},
  pages   = {5-44}
}

@article{Srivastav2023,
  title   = {The effects of public health measures on severe dengue cases: An optimal control approach},
  journal = {Chaos, Solitons \& Fractals},
  volume  = {172},
  pages   = {113--577},
  year    = {2023},
  author  = {Akhil Kumar Srivastav and Vanessa Steindorf and Nico Stollenwerk and Maíra Aguiar}
}

@article{suaya:2007,
  author  = {Suaya J. A., Shepard D. S., Beatty M. E.},
  title   = {Dengue: burden of disease and costs of illness},
  year    = {2007},
  volume  = {1},
  journal = {Report of the Scientific Working Group Meeting on Dengue},
  pages   = {35-49}
}

@article{sym16030340,
  author         = {Montemanni, Roberto and Smith, Derek H.},
  title          = {On Solving the Set Orienteering Problem},
  journal        = {Symmetry},
  volume         = {16},
  year           = {2024},
  number         = {3},
  article-number = {340},
  url            = {https://www.mdpi.com/2073-8994/16/3/340},
  issn           = {2073-8994},
  doi            = {10.3390/sym16030340}
}

@article{taillandier:2019,
  author   = {Taillandier, Patrick
              and Gaudou, Benoit
              and Grignard, Arnaud
              and Huynh, Quang-Nghi
              and Marilleau, Nicolas
              and Caillou, Philippe
              and Philippon, Damien
              and Drogoul, Alexis},
  title    = {Building, composing and experimenting complex spatial models with the GAMA platform},
  journal  = {GeoInformatica},
  year     = {2019},
  optmonth = {Apr},
  optday   = {01},
  volume   = {23},
  number   = {2},
  pages    = {299-322}
}

@article{Tropica2018,
  title   = {Modeling Dengue vector population using remotely sensed data and machine learning},
  journal = {Acta Tropica},
  volume  = {185},
  pages   = {167-175},
  year    = {2018},
  issn    = {0001-706X},
  doi     = {https://doi.org/10.1016/j.actatropica.2018.05.003},
  url     = {https://www.sciencedirect.com/science/article/pii/S0001706X17312111},
  author  = {Juan M. Scavuzzo and Francisco Trucco and Manuel Espinosa and Carolina B. Tauro and Marcelo Abril and Carlos M. Scavuzzo and Alejandro C. Frery}
}

@article{Umar2022,
  title   = {An Advance Computing Numerical Heuristic of Nonlinear SIR Dengue Fever System Using the Morlet Wavelet Kernel},
  journal = {Journal of Healthcare Engineering},
  volume  = {2022},
  pages   = {9981355},
  year    = {2022},
  author  = {Gloria, Antonio and Umar, Muhammad and Sabir, Zulqurnain and Zahoor Raja, Muhammad Asif and Al-Basyouni, K. S. and Mahmoud, S. R. and Sánchez, Yolanda Guerrero}
}

@inproceedings{Uribe2023,
  author    = {Uribe, Maria Sofía
               and Franco, Mariajose
               and Londo{\~{n}}o, Luisa F.
               and Escudero, Paula
               and Álvarez, Susana
               and Mateus, Rafael"},
  editor    = {Tabares, Marta
               and Vallejo, Paola
               and Suarez, Biviana
               and Suarez, Marco
               and Ruiz, Oscar
               and Aguilar, Jose},
  title     = {Comparing Three Agent-Based Models Implementations of Vector-Borne Disease Transmission Dynamics},
  booktitle = {Advances in Computing},
  year      = {2024},
  publisher = {Springer Nature, Switzerland},
  address   = {Cham},
  pages     = {330--349}
}

@article{USBERTI20111543,
  title    = {The open capacitated arc routing problem},
  journal  = {Computers & Operations Research},
  volume   = {38},
  number   = {11},
  pages    = {1543-1555},
  year     = {2011},
  issn     = {0305-0548},
  doi      = {https://doi.org/10.1016/j.cor.2011.01.012},
  url      = {https://www.sciencedirect.com/science/article/pii/S0305054811000244},
  author   = {Fábio Luiz Usberti and Paulo Morelato França and André Luiz Morelato França},
  keywords = {Arc routing, Computational complexity, Path-scanning heuristic}
}

@article{Walker1969,
  author  = {Walker, Warren E.},
  title   = {Letter to the Editor—A Method for Obtaining the Optimal Dual Solution to a Linear Program Using the Dantzig-Wolfe Decomposition},
  journal = {Operations Research},
  volume  = {17},
  number  = {2},
  pages   = {368-370},
  year    = {1969},
  doi     = {10.1287/opre.17.2.368}
}

@misc{web:16,
  author       = {Doe, Paul},
  title        = {Web Page},
  howpublished = {\url{http://aiweb.techfak.uni-bielefeld.de/content/bworld-robot-control-software/}},
  year         = {2016},
  note         = {Acessado: 2016-01-02}
}

@misc{WHO2009,
  author    = {\mbox{World Health Organization}},
  title     = {World Health Organization. Dengue: Guidelines for Diagnosis, Treatment, Prevention and Control},
  year      = {2009},
  pages     = {},
  edition   = {New Edition},
  publisher = {World Health Organization},
  url       = {https://www.who.int/publications/i/item/9789241547871}
}

@misc{WHO2020,
  title  = {List of WHO Prequalified Vector Control Products},
  year   = {2020},
  month  = {8},
  author = {WHO},
  url    = {https://www.who.int/pq-vector-control/prequalified-lists/VCP_PQ-List_26August2020.pdf?ua=1},
  note   = {Accessed: 4-24-2021}
}

@article{xie-2015,
  author    = {Xiaolan Xie and Mark A. Lawley and},
  title     = {Operations research in healthcare},
  journal   = {International Journal of Production Research},
  volume    = {53},
  number    = {24},
  pages     = {7173--7176},
  year      = {2015},
  publisher = {Taylor \& Francis}
}

@article{Xue2021,
  title   = {Optimal Control of Mitigation Strategies for Dengue Virus Transmission},
  journal = {Bulletin of Mathematical Biology},
  volume  = {83},
  pages   = {8},
  year    = {2021},
  author  = {Xue, Ling and Ren, Xue and Magpantay, Felicia and Sun, Wei and Zhu, Huaiping}
}

@article{YAHIAOUI2019386,
  title   = {The clustered team orienteering problem},
  journal = {Computers \& Operations Research},
  volume  = {111},
  pages   = {386-399},
  year    = {2019},
  issn    = {0305-0548},
  doi     = {10.1016/j.cor.2019.07.008},
  url     = {https://www.sciencedirect.com/science/article/pii/S0305054819301844},
  author  = {Ala-Eddine Yahiaoui and Aziz Moukrim and Mehdi Serairi}
}

@article{YU2024121996,
  title   = {Simulated annealing with reinforcement learning for the set team orienteering problem with time windows},
  journal = {Expert Systems with Applications},
  volume  = {238},
  pages   = {121996},
  year    = {2024},
  issn    = {0957-4174},
  doi     = {https://doi.org/10.1016/j.eswa.2023.121996},
  url     = {https://www.sciencedirect.com/science/article/pii/S0957417423024983},
  author  = {Vincent F. Yu and Nabila Yuraisyah Salsabila and Shih-Wei Lin and Aldy Gunawan}
}

@article{ZahraMajid2014,
  title   = {The time constrained maximal covering salesman problem},
  journal = {Applied Mathematical Modelling},
  volume  = {38},
  number  = {15},
  pages   = {3945-3957},
  year    = {2014},
  issn    = {0307-904X},
  doi     = {10.1016/j.apm.2014.01.001},
  author  = {Zahra Naji-Azimi and Majid Salari}
}


@article{ZHANG2024121567,
  title   = {Heuristic approaches for the cutting path problem},
  journal = {Expert Systems with Applications},
  volume  = {237},
  pages   = {121567},
  year    = {2024},
  issn    = {0957-4174},
  doi     = {https://doi.org/10.1016/j.eswa.2023.121567},
  url     = {https://www.sciencedirect.com/science/article/pii/S0957417423020699},
  author  = {Tai Zhang and Shaowen Yao and Qiang Liu and Lijun Wei and Hao Zhang}
}

@article{Zhao2020,
  author    = {Zhao, Naizhuo AND Charland, Katia AND Carabali, Mabel AND Nsoesie, Elaine O. AND Maheu-Giroux, Mathieu AND Rees, Erin AND Yuan, Mengru AND Garcia Balaguera, Cesar AND Jaramillo Ramirez, Gloria AND Zinszer, Kate},
  journal   = {PLOS Neglected Tropical Diseases},
  publisher = {Public Library of Science},
  title     = {Machine learning and dengue forecasting: Comparing random forests and artificial neural networks for predicting dengue burden at national and sub-national scales in Colombia},
  year      = {2020},
  month     = {09},
  volume    = {14},
  url       = {https://doi.org/10.1371/journal.pntd.0008056},
  pages     = {1-16},
  number    = {9}
}